% My refs

% WhiteBox / Common:

@misc{CrashpadOverviewDesign,
  author       = {Chromium},
  url          = {https://chromium.googlesource.com/crashpad/crashpad/+/HEAD/doc/overview_design.md},
  title        = {Crashpad Overview Design},
  note         = {Zuletzt zugegriffen am 28.05.2023 um 21:58 Uhr}
}

@Misc{ChromiumShutdownMSTxtWebpageDoku,
    author  = {Chromium},
    title   = "Contents of /trunk/src/chrome/browser/browser\_shutdown.cc",
    year    = {2009},
    note    = {Zuletzt zugegriffen am 28.05.2023 um 16:34 Uhr},
    url     = {https://src.chromium.org/viewvc/chrome/trunk/src/chrome/browser/browser_shutdown.cc?pathrev=26058}
}

@misc{DictionaryWin10Files,
  author       = {Sergey Tkachenko},
  url          = {https://winaero.com/words-spell-checking-dictionary-windows-10/},
  title        = {Add or Remove Words in Spell Checking Dictionary in Windows 10},
  year         = {2018},
  month        = {01},
  note         = {Zuletzt zugegriffen am 28.05.2023 um 21:59 Uhr}
}

@misc{SQLiteFileFormat,
  author       = {SQLite},
  url          = {https://www.sqlite.org/fileformat.html},
  title        = {Database File Format},
  year         = {2023},
  month        = {05},
  note         = {Zuletzt zugegriffen am 28.05.2023 um 22:10 Uhr}
}

@misc{SQLiteTempfiles,
  author       = {SQLite},
  url          = {https://www.sqlite.org/tempfiles.html},
  title        = {Temporary Files Used By SQLite},
  year         = {2022},
  month        = {01},
  note         = {Zuletzt zugegriffen am 28.05.2023 um 22:10 Uhr}
}

@misc{LevelDBGithub,
  author       = {Google},
  url          = {https://github.com/google/leveldb},
  title        = {leveldb},
  year         = {2023},
  note         = {Zuletzt zugegriffen am 28.05.2023 um 22:20 Uhr}
}

@misc{LevelDBCCL,
  author       = {},
  url          = {https://www.cclsolutionsgroup.com/post/hang-on-thats-not-sqlite-chrome-electron-and-leveldb},
  title        = {Hang on! That’s not SQLite! Chrome, Electron and LevelDB},
  year         = {2020},
  month        = {10},
  note         = {Zuletzt zugegriffen am 28.05.2023 um 22:21 Uhr},
}

@misc{MemCompressionWebsite,
  author       = {Windoes OS Hub},
  url          = {https://woshub.com/memory-compression-process-high-usage-windows-10/},
  title        = {Memory Compression Process: High Memory and CPU Usage in Windows 10 and 11},
  year         = {2022},
  month        = {01},
  note         = {Zuletzt zugegriffen am 08.06.2023 um 11:51 Uhr},
}

@misc{SiHostWebsite,
  author       = {Sylie},
  howpublished = {https://de.minitool.com/nachrichten/shell-infrastructure-host-hohe-cpu-auslastung.html},
  title        = {Lösung: Shell Infrastructure Host hohe CPU-Auslastung [MiniTool]},
  year         = {2023},
  month        = {02},
  note         = {Zuletzt zugegriffen am 08.06.2023 um 12:20 Uhr},
}

@misc{dwmWebsite,
  author       = {PCtipps},
  howpublished = {https://pctipps.de/dwm-exe/},
  title        = {Dwm.exe: Was ist der Desktop Window Manager?},
  note         = {Zuletzt zugegriffen am 08.06.2023 um 12:29 Uhr},
}

@misc{pogonin2022microsoft,
      title={Microsoft Defender Will Be Defended: MemoryRanger Prevents Blinding Windows AV}, 
      author={Denis Pogonin and Igor Korkin},
      year={2022},
      eprint={2210.02821},
      archivePrefix={arXiv},
      primaryClass={cs.CR},
      doi          = {https://doi.org/10.48550/arXiv.2210.02821},
}