% This file was created with Citavi 6.10.0.0

@book{.2013,
 year = {2013},
 title = {Forensic memory dump analysis and recovery of the artefacts of using tor bundle browser--the need},
 url = {https://ro.ecu.edu.au/adf/122/},
 file = {Forensic memory dump analysis 2013:Attachments/Forensic memory dump analysis 2013.pdf:application/pdf}
}


