@article{Dayalamurthy.2013,
  title={Forensic memory dump analysis and recovery of the artefacts of using tor bundle browser--the need},
  author={Dayalamurthy, Divya},
  year={2013},
  publisher={SRI Security Research Institute, Edith Cowan University, Perth, Western~â€¦}
}
@inproceedings{Ohana.2013,
  title={Do private and portable web browsers leave incriminating evidence? a forensic analysis of residual artifacts from private and portable web browsing sessions},
  author={Ohana, Donny Jacob and Shashidhar, Narasimha},
  booktitle={2013 IEEE Security and Privacy Workshops},
  pages={135--142},
  year={2013},
  organization={IEEE}
}
@article{Rochmadi.2017,
  title={Live forensics for anti-forensics analysis on private portable web browser},
  author={Rochmadi, Tri and Riadi, Imam and Prayudi, Yudi},
  journal={Int. J. Comput. Appl},
  volume={164},
  number={8},
  pages={31--37},
  year={2017}
}
@inproceedings{Md.2018,
  title={Analysis of Private Browsing Activities},
  author={Md Saidi, Raihana and Saleh Udin, Fatin Farhanah and Zolkeplay, Anwar Farhan and Arshad, Mohamad Asrol and Sappar, Faridah},
  booktitle={Regional Conference on Science, Technology and Social Sciences (RCSTSS 2016) Theoretical and Applied Sciences},
  pages={217--228},
  year={2018},
  organization={Springer}
}
@inproceedings{Montasari.2015,
  title={Computer forensic analysis of private browsing modes},
  author={Montasari, Reza and Peltola, Pekka},
  booktitle={Global Security, Safety and Sustainability: Tomorrow's Challenges of Cyber Security: 10th International Conference, ICGS3 2015, London, UK, September 15-17, 2015. Proceedings 10},
  pages={96--109},
  year={2015},
  organization={Springer}
}
@inproceedings{Said.2011,
  title={Forensic analysis of private browsing artifacts},
  author={Said, Huwida and Al Mutawa, Noora and Al Awadhi, Ibtesam and Guimaraes, Mario},
  booktitle={2011 International Conference on Innovations in Information Technology},
  pages={197--202},
  year={2011},
  organization={IEEE}
}
@inproceedings{Hariharan.2022,
  title={Forensic Analysis of Private Mode Browsing Artifacts in Portable Web Browsers Using Memory Forensics},
  author={Hariharan, Meenu and Thakar, Akash and Sharma, Parvesh},
  booktitle={2022 International Conference on Computing, Communication, Security and Intelligent Systems (IC3SIS)},
  pages={1--5},
  year={2022},
  organization={IEEE}
}
@article{Sajan.2021,
  title={Tor Browser Forensics},
  author={Sajan, Priya P and others},
  journal={Turkish Journal of Computer and Mathematics Education (TURCOMAT)},
  volume={12},
  number={11},
  pages={5599--5608},
  year={2021}
}
@techreport{Hedberg.2013,
  title={The privacy of private browsing},
  author={Hedberg, Ashley},
  year={2013},
  institution={Technical Report, Tufts University, MA, USA}
}
@article{Horsman.2019,
  title={A forensic examination of web browser privacy-modes},
  author={Horsman, Graeme and Findlay, Ben and Edwick, Josh and Asquith, Alisha and Swannell, Katherine and Fisher, Dean and Grieves, Alexander and Guthrie, Jack and Stobbs, Dylan and McKain, Peter},
  journal={Forensic Science International: Reports},
  volume={1},
  pages={100036},
  year={2019},
  publisher={Elsevier}
}
@article{Mahlous.2020,
  title={Private Browsing Forensic Analysis: A Case Study of Privacy Preservation in the Brave Browser},
  author={Mahlous, Ahmed Redha and Mahlous, Houssam},
  journal={International Journal of Intelligent Engineering Systems},
  volume={13},
  number={06},
  pages={294--306},
  year={2020}
}
@article{Gabet.2018,
  title={A comparative forensic analysis of privacy enhanced web browsers and private browsing modes of common web browsers},
  author={Gabet, Ryan M and Seigfried-Spellar, Kathryn C and Rogers, Marcus K},
  journal={International Journal of Electronic Security and Digital Forensics},
  volume={10},
  number={4},
  pages={356--371},
  year={2018},
  publisher={Inderscience Publishers (IEL)}
}
@article{Fayyad.2021,
  title={Forensic analysis of private browsing mechanisms: Tracing internet activities},
  author={Fayyad-Kazan, Hasan and Kassem-Moussa, Sondos and Hejase, Hussin J and Hejase, Ale J},
  year={2021}
}
@article{Muir.2019,
  title={A forensic audit of the tor browser bundle},
  author={Muir, Matt and Leimich, Petra and Buchanan, William J},
  journal={Digital Investigation},
  volume={29},
  pages={118--128},
  year={2019},
  publisher={Elsevier}
}
@article{Nelson.2020,
  title={Web browser forensics in google chrome, mozilla firefox, and the tor browser bundle},
  author={Nelson, Rebecca and Shukla, Atul and Smith, Cory},
  journal={Digital Forensic Education: An Experiential Learning Approach},
  pages={219--241},
  year={2020},
  publisher={Springer}
}
@article{Izzati.2022,
  title={A Comparative Analysis of Residual Data Between Private Browsing and Normal Browsing Using Live Memory Acquisition},
  author={Izzati, Aina and Ab Rahman, Nurul Hidayah},
  journal={Applied Information Technology And Computer Science},
  volume={3},
  number={2},
  pages={68--83},
  year={2022}
}
@inproceedings{Hariharan.2022,
  title={Forensic Analysis of Private Mode Browsing Artifacts in Portable Web Browsers Using Memory Forensics},
  author={Hariharan, Meenu and Thakar, Akash and Sharma, Parvesh},
  booktitle={2022 International Conference on Computing, Communication, Security and Intelligent Systems (IC3SIS)},
  pages={1--5},
  year={2022},
  organization={IEEE}
}
@inproceedings{Satvat.2014,
  title={On the privacy of private browsing--a forensic approach},
  author={Satvat, Kiavash and Forshaw, Matthew and Hao, Feng and Toreini, Ehsan},
  booktitle={Data Privacy Management and Autonomous Spontaneous Security: 8th International Workshop, DPM 2013, and 6th International Workshop, SETOP 2013, Egham, UK, September 12-13, 2013, Revised Selected Papers},
  pages={380--389},
  year={2014},
  organization={Springer}
}
@article{Rathod.2017,
  title={Darknet forensics},
  author={Rathod, Digvijaysinh},
  journal={future},
  volume={11},
  pages={12},
  year={2017}
}
@inproceedings{Aggarwal.2010,
  title={An Analysis of Private Browsing Modes in Modern Browsers.},
  author={Aggarwal, Gaurav and Bursztein, Elie and Jackson, Collin and Boneh, Dan},
  booktitle={USENIX security symposium},
  pages={79--94},
  year={2010}
}
@article{Chivers.2014,
  title={Private browsing: A window of forensic opportunity},
  author={Chivers, Howard},
  journal={Digital Investigation},
  volume={11},
  number={1},
  pages={20--29},
  year={2014},
  publisher={Elsevier}
}
@article{Perdices.2023,
  title={Web browsing privacy in the deep learning era: Beyond VPNs and encryption},
  author={Perdices, Daniel and de Vergara, Jorge E L{\'o}pez and Gonz{\'a}lez, Iv{\'a}n and de Pedro, Luis},
  journal={Computer Networks},
  volume={220},
  pages={109471},
  year={2023},
  publisher={Elsevier}
}
@article{Gupta.2013,
  title={Capturing Ephemeral Evidence Using Live Forensics},
  author={Gupta, Ms Pooja},
  journal={IOSR J. Electron. Commun. Eng},
  pages={109--113},
  year={2013}
}
@book{Hassan.2019,
  title={Digital forensics basics: A practical guide using Windows OS},
  author={Hassan, Nihad A},
  year={2019},
  publisher={Apress}
}
@article{Yusoff.2011,
  title={Common phases of computer forensics investigation models},
  author={Yusoff, Yunus and Ismail, Roslan and Hassan, Zainuddin},
  journal={International Journal of Computer Science \& Information Technology},
  volume={3},
  number={3},
  pages={17--31},
  year={2011},
  publisher={Academy \& Industry Research Collaboration Center(AIRCC)}
}
@article{Bonetti.2014,
  title={Black-box forensic and antiforensic characteristics of solid-state drives},
  author={Bonetti, Gabriele and Viglione, Marco and Frossi, Alessandro and Maggi, Federico and Zanero, Stefano},
  journal={Journal of Computer Virology and Hacking Techniques},
  volume={10},
  pages={255--271},
  year={2014},
  publisher={Springer}
}
@inproceedings{Nalawade.2016,
  title={Forensic analysis and evidence collection for web browser activity},
  author={Nalawade, Apurva and Bharne, Smita and Mane, Vanita},
  booktitle={2016 International Conference on Automatic Control and Dynamic Optimization Techniques (ICACDOT)},
  pages={518--522},
  year={2016},
  organization={IEEE}
}






